<?xml version="1.0" encoding="UTF-8"?>
<record xmlns="http://www.loc.gov/MARC21/slim" xmlns:xsi="http://www.w3.org/2001/XMLSchema-instance" xsi:schemaLocation="http://www.loc.gov/MARC21/slim http://www.loc.gov/standards/marcxml/schema/MARC21slim.xsd">
<leader>00000cam a22      a 4500</leader>
<controlfield tag="001">001678082</controlfield>
<controlfield tag="003">NNU</controlfield>
<controlfield tag="005">20150728180539.0</controlfield>
<controlfield tag="008">870605m19491951le abch       000 0 arard</controlfield>
<datafield tag="035" ind1=" " ind2=" ">
<subfield code="a">(OCoLC)15811859</subfield>
</datafield>
<datafield tag="040" ind1=" " ind2=" ">
<subfield code="a">DGU</subfield>
<subfield code="b">eng</subfield>
<subfield code="c">DGU</subfield>
<subfield code="d">OCLCQ</subfield>
<subfield code="d">OCLCG</subfield>
<subfield code="d">CUY</subfield>
<subfield code="d">OCLCF</subfield>
<subfield code="d">OCLCQ</subfield>
<subfield code="d">OCLCO</subfield>
<subfield code="d">OCL</subfield>
<subfield code="d">NNU</subfield>
</datafield>
<datafield tag="043" ind1=" " ind2=" ">
<subfield code="a">ma-----</subfield>
</datafield>
<datafield tag="050" ind1=" " ind2="4">
<subfield code="a">PJ7817.M8</subfield>
<subfield code="b">H3 1949</subfield>
</datafield>
<datafield tag="100" ind1="1" ind2=" ">
<subfield code="6">880-01</subfield>
<subfield code="a">Darwazah, Muḥammad ʻIzzat,</subfield>
<subfield code="d">1889-</subfield>
</datafield>
<datafield tag="245" ind1="1" ind2="0">
<subfield code="6">880-02</subfield>
<subfield code="a">Ḥawla al-ḥarakah al-ʻArabīyah al-ḥadīthah :</subfield>
<subfield code="b">Tārīkh wa-mudhakirāt wa-taʻlīqāt /</subfield>
<subfield code="c">taʼlīf Muḥammad ʻIzzat Darwazah.</subfield>
</datafield>
<datafield tag="260" ind1=" " ind2=" ">
<subfield code="6">880-03</subfield>
<subfield code="a">Bayrūt :</subfield>
<subfield code="b">al-Maktabah al-ʻAṣrīyah,</subfield>
<subfield code="c">[1949-1951]</subfield>
</datafield>
<datafield tag="300" ind1=" " ind2=" ">
<subfield code="a">6 volumes :</subfield>
<subfield code="b">illustrations, facsimiles, maps, portraits ;</subfield>
<subfield code="c">24 cm</subfield>
</datafield>
<datafield tag="336" ind1=" " ind2=" ">
<subfield code="a">text</subfield>
<subfield code="b">txt</subfield>
<subfield code="2">rdacontent</subfield>
</datafield>
<datafield tag="337" ind1=" " ind2=" ">
<subfield code="a">unmediated</subfield>
<subfield code="b">n</subfield>
<subfield code="2">rdamedia</subfield>
</datafield>
<datafield tag="338" ind1=" " ind2=" ">
<subfield code="a">volume</subfield>
<subfield code="b">nc</subfield>
<subfield code="2">rdacarrier</subfield>
</datafield>
<datafield tag="500" ind1=" " ind2=" ">
<subfield code="a">V. 2 : al-Ṭabʻah 2, 1960.</subfield>
</datafield>
<datafield tag="651" ind1=" " ind2="0">
<subfield code="a">Arab countries</subfield>
<subfield code="x">Politics and government.</subfield>
</datafield>
<datafield tag="651" ind1=" " ind2="0">
<subfield code="a">Arab countries</subfield>
<subfield code="x">History.</subfield>
</datafield>
<datafield tag="650" ind1=" " ind2="7">
<subfield code="a">Politics and government</subfield>
<subfield code="2">fast</subfield>
<subfield code="0">(OCoLC)fst01919741</subfield>
</datafield>
<datafield tag="651" ind1=" " ind2="7">
<subfield code="a">Arab countries.</subfield>
<subfield code="2">fast</subfield>
<subfield code="0">(OCoLC)fst01240128</subfield>
</datafield>
<datafield tag="655" ind1=" " ind2="7">
<subfield code="a">History.</subfield>
<subfield code="2">fast</subfield>
<subfield code="0">(OCoLC)fst01411628</subfield>
</datafield>
<datafield tag="880" ind1="1" ind2=" ">
<subfield code="6">100-01/</subfield>
<subfield code="a">دروزة، محمد عزة،</subfield>
<subfield code="d">1889-</subfield>
</datafield>
<datafield tag="880" ind1="1" ind2="0">
<subfield code="6">245-02/</subfield>
<subfield code="a">حول الحركة العربية الحديثة :</subfield>
<subfield code="b">تاريخ ومذكرات وتعليقات /</subfield>
<subfield code="c">تأليف محمد عازة دروزة.</subfield>
</datafield>
<datafield tag="880" ind1=" " ind2=" ">
<subfield code="6">260-03/</subfield>
<subfield code="a">بيروت :</subfield>
<subfield code="b">المكتبة العصرية،</subfield>
<subfield code="c">[1949-1951]</subfield>
</datafield>
<datafield tag="OWN" ind1=" " ind2=" ">
<subfield code="a">GENERAL</subfield>
</datafield>
<datafield tag="AVA" ind1=" " ind2=" ">
<subfield code="a">NYU50</subfield>
<subfield code="b">BOBST</subfield>
<subfield code="c">Main Collection</subfield>
<subfield code="d">DS63 .D34</subfield>
<subfield code="e">unavailable</subfield>
<subfield code="t">Unavailable</subfield>
<subfield code="f">5</subfield>
<subfield code="g">5</subfield>
<subfield code="h">Y</subfield>
<subfield code="i">1</subfield>
<subfield code="j">MAIN</subfield>
<subfield code="k">0</subfield>
</datafield>
</record>
